<record><leader>00000cas a22000007a 4500</leader><controlfield tag="001">32182690</controlfield><controlfield tag="008">950322d189u1uuuidudn ne      0    0eng d</controlfield><datafield ind1=" " ind2=" " tag="010"><subfield code="a">sn 95063962 </subfield></datafield><datafield ind1=" " ind2=" " tag="040"><subfield code="a">CNW</subfield><subfield code="b">eng</subfield><subfield code="c">CNW</subfield><subfield code="d">OCLCQ</subfield><subfield code="d">OCLCF</subfield><subfield code="d">OCLCO</subfield><subfield code="d">DLC</subfield></datafield><datafield ind1=" " ind2=" " tag="042"><subfield code="a">msc</subfield></datafield><datafield ind1=" " ind2=" " tag="043"><subfield code="a">n-us-id</subfield></datafield><datafield ind1="0" ind2=" " tag="130"><subfield code="a">Daily press (Grangeville, Idaho)</subfield></datafield><datafield ind1="1" ind2="4" tag="245"><subfield code="a">The daily press.</subfield></datafield><datafield ind1=" " ind2=" " tag="260"><subfield code="a">Grangeville, Idaho :</subfield><subfield code="b">A.F. Parker</subfield></datafield><datafield ind1=" " ind2=" " tag="300"><subfield code="a">v.</subfield></datafield><datafield ind1=" " ind2=" " tag="310"><subfield code="a">Daily (except Sun.)</subfield></datafield><datafield ind1=" " ind2=" " tag="530"><subfield code="a">Available on microfilm from Universal Microfilming Corp., Salt Lake City, Utah.</subfield></datafield><datafield ind1=" " ind2=" " tag="580"><subfield code="a">Weekly ed: Idaho County free press, &lt;May 17, 1899-&gt;.</subfield></datafield><datafield ind1=" " ind2=" " tag="588"><subfield code="a">Description based on: Vol. 1, no. 111 (May 17, 1899).</subfield></datafield><datafield ind1=" " ind2="0" tag="651"><subfield code="a">Grangeville (Idaho)</subfield><subfield code="v">Newspapers.</subfield></datafield><datafield ind1=" " ind2="7" tag="651"><subfield code="a">Idaho</subfield><subfield code="z">Grangeville.</subfield><subfield code="2">fast</subfield><subfield code="0">(OCoLC)fst01226219</subfield></datafield><datafield ind1=" " ind2="7" tag="655"><subfield code="a">Newspapers.</subfield><subfield code="2">fast</subfield><subfield code="0">(OCoLC)fst01423814</subfield></datafield><datafield ind1=" " ind2=" " tag="752"><subfield code="a">United States</subfield><subfield code="b">Idaho</subfield><subfield code="c">Idaho</subfield><subfield code="d">Grangeville.</subfield></datafield><datafield ind1="1" ind2=" " tag="775"><subfield code="t">Idaho County free press</subfield><subfield code="x">2574-9153</subfield><subfield code="w">(DLC)sn 86091100</subfield><subfield code="w">(OCoLC)13137622</subfield></datafield><datafield ind1="1" ind2=" " tag="029"><subfield code="a">AU@</subfield><subfield code="b">000024761081</subfield></datafield></record>